<?xml version="1.0" encoding="UTF-8"?><record xmlns="http://www.loc.gov/MARC21/slim" xmlns:cinclude="http://apache.org/cocoon/include/1.0" xmlns:zs="http://www.loc.gov/zing/srw/">
  <leader>00424nz  a2200133n  4500</leader>
  <controlfield tag="001">no2005099128</controlfield>
  <controlfield tag="003">DLC</controlfield>
  <controlfield tag="005">20051021071049.0</controlfield>
  <controlfield tag="008">050928n| acannaabn           n ana     c</controlfield>
  <datafield tag="010" ind1=" " ind2=" ">
    <subfield code="a">no2005099128</subfield>
  </datafield>
  <datafield tag="035" ind1=" " ind2=" ">
    <subfield code="a">(OCoLC)oca06763729</subfield>
  </datafield>
  <datafield tag="040" ind1=" " ind2=" ">
    <subfield code="a">LU</subfield>
    <subfield code="b">eng</subfield>
    <subfield code="c">LU</subfield>
  </datafield>
  <datafield tag="110" ind1="2" ind2=" ">
    <subfield code="a">Southern University and A &amp; M College.</subfield>
    <subfield code="b">Academic and Faculty Affairs</subfield>
  </datafield>
  <datafield tag="670" ind1=" " ind2=" ">
    <subfield code="a">Minutes, Feb. 21, 1997:</subfield>
    <subfield code="b">t.p. (Southern University. Academic and Faculty Affairs)</subfield>
  </datafield>
</record>